@article{rueness2005life,
  title={Life history and molecular sequences of Gracilaria vermiculophylla (Gracilariales, Rhodophyta), a new introduction to European waters},
  author={Rueness, Jan},
  journal={Phycologia},
  volume={44},
  number={1},
  pages={120--128},
  year={2005},
  publisher={Taylor \& Francis}
}

@article{Portas2023,
  author = {Portas, Aurélie and Carriot, Nathan and Ortalo-Magné, Annick and Damblans, Guillaume and Thiébaut, Maxime and Culioli, Gérald and Quillien, Nolwenn and Briand, Jean-François},
  title = {Impact of hydrodynamics on community structure and metabolic production of marine biofouling formed in a highly energetic estuary},
  journal = {Marine Environmental Research},
  volume = {192},
  pages = {106241},
  year = {2023},
  doi = {10.1016/j.marenvres.2023.106241}
}

@article{Jeanneau2023,
  author = {Jeanneau, Laurent and Jardé, Emilie and Louis, Justine and Pannard, Alexandrine and Liotaud, Marine and Andrieux-Loyer, Françoise and Gruau, Gérard and Caradec, Florian and Rabiller, Emilie and Lebris, Nathalie and Laverman, Anniet},
  title = {How the origin of sedimentary organic matter impacts the benthic nutrient fluxes in shallow coastal mudflats},
  journal = {Comptes Rendus Géoscience},
  volume = {355},
  pages = {237-258},
  year = {2023},
  doi = {10.5802/crgeos.228}
}

@article{Cianfaglione2018,
  author = {Cianfaglione, Kevin},
  title = {Plant landscape and models of French Atlantic estuarine systems: Extended summary of the doctoral thesis},
  journal = {Transylvanian Review of Systematical and Ecological Research},
  volume = {23},
  pages = {15-36},
  year = {2021},
  doi = {10.2478/trser-2021-0002}
}

@article{Gentric2024,
  author = {Gentric, Charline and Sauleau, Pierre},
  title = {Bacterial load mitigation of the shellfish Magallana gigas by the marine sponge Hymeniacidon perlevis (Montagu 1818)},
  journal = {Regional Studies in Marine Science},
  volume = {75},
  pages = {103564},
  year = {2024},
  doi = {10.1016/j.rsma.2024.103564}
}

@article{Michel2021,
  author = {Michel, Guillaume and Le Bot, Sophie and Lesourd, Sandric and Lafite, Robert},
  title = {Morpho-sedimentological and dynamic patterns in a ria type estuary: the Belon estuary (South Brittany, France)},
  journal = {Journal of Maps},
  volume = {17},
  number = {2},
  pages = {389-400},
  year = {2021},
  doi = {10.1080/17445647.2021.1925170}
}

@article{Castaing1995,
  author = {Castaing, Pierre and Guilcher, André},
  title = {Morphosedimentary evolution of ria-type estuaries},
  journal = {Earth Surface Processes and Landforms},
  volume = {20},
  number = {4},
  pages = {361-376},
  year = {1995},
  doi = {10.1002/esp.3290200408}
}

@article{Tankoua2011,
  author = {Tankoua, Olivia Fossi and Buffet, Pierre-Emmanuel and Amiard, Jean-Claude and Amiard-Triquet, Claude and Mouneyrac, Catherine and Berthet, Brigitte},
  title = {Potential influence of confounding factors (size, salinity) on biomarkers in the sentinel species Scrobicularia plana used in programmes monitoring estuarine quality},
  journal = {Environmental Science and Pollution Research},
  volume = {18},
  number = {7},
  pages = {1253-1263},
  year = {2011},
  doi = {10.1007/s11356-011-0479-3}
}

@article{Blanchet2014,
  author = {Blanchet, Hugues and Gouillieux, Benoît and Alizier, Sandrine and others},
  title = {Multiscale patterns in the diversity and organization of benthic intertidal fauna among French Atlantic estuaries},
  journal = {Journal of Sea Research},
  volume = {90},
  pages = {95-110},
  year = {2014},
  doi = {10.1016/j.seares.2014.02.014}
}


@article{ortega2005fluxes,
  title={Fluxes of dissolved inorganic carbon in three estuarine systems of the Cantabrian Sea (north of Spain)},
  author={Ortega, T and Ponce, R and Forja, J and G{\'o}mez-Parra, A},
  journal={Journal of Marine Systems},
  volume={53},
  number={1-4},
  pages={125--142},
  year={2005},
  publisher={Elsevier}
}

@article{romero2008sintering,
  title={Sintering behaviour of ceramic bodies from contaminated marine sediments},
  author={Romero, Maximina and Andr{\'e}s, A and Alonso, Rebeca and Viguri, Javier and Rinc{\'o}n, J Ma},
  journal={Ceramics International},
  volume={34},
  number={8},
  pages={1917--1924},
  year={2008},
  publisher={Elsevier}
}

@article{roman2021using,
  title={Using a UAV-Mounted multispectral camera for the monitoring of marine macrophytes},
  author={Rom{\'a}n, Alejandro and Tovar-S{\'a}nchez, Antonio and Oliv{\'e}, Irene and Navarro, Gabriel},
  journal={Frontiers in Marine Science},
  volume={8},
  pages={722698},
  year={2021},
  publisher={Frontiers Media SA}
}

@article{roman2023mapping,
  title={Mapping intertidal oyster farms using unmanned aerial vehicles (UAV) high-resolution multispectral data},
  author={Rom{\'a}n, Alejandro and Prasyad, Hermansyah and Oiry, Simon and Davies, Bede FR and Brunier, Guillaume and Barill{\'e}, Laurent},
  journal={Estuarine, Coastal and Shelf Science},
  volume={291},
  pages={108432},
  year={2023},
  publisher={Elsevier}
}

@article{roman2024mapping,
  title={Mapping intertidal microphytobenthic biomass with very high-resolution remote sensing imagery in an estuarine system},
  author={Rom{\'a}n, Alejandro and Oiry, Simon and Davies, Bede FR and Rosa, Philippe and Gernez, Pierre and Tovar-S{\'a}nchez, Antonio and Navarro, Gabriel and M{\'e}l{\'e}der, Vona and Barill{\'e}, Laurent},
  journal={Science of The Total Environment},
  pages={177025},
  year={2024},
  publisher={Elsevier}
}

@article{agisoft,
  title={Agisoft Metashape},
  author={Agisoft},
  year={2019},
  url={https://www.agisoft.com/}
}

@inproceedings{nebel2020review,
  title={A review of photogrammetry and photorealistic 3D models in education from a psychological perspective},
  author={Nebel, Steve and Beege, Maik and Schneider, Sascha and Rey, G{\"u}nter Daniel},
  booktitle={Frontiers in education},
  volume={5},
  pages={144},
  year={2020},
  organization={Frontiers Media SA}
}

@article{zoffoli2021decadal,
  title={Decadal increase in the ecological status of a North-Atlantic intertidal seagrass meadow observed with multi-mission satellite time-series},
  author={Zoffoli, Maria Laura and Gernez, Pierre and Godet, Laurent and Peters, Steef and Oiry, Simon and Barill{\'e}, Laurent},
  journal={Ecological Indicators},
  volume={130},
  pages={108033},
  year={2021},
  publisher={Elsevier}
}

@article{davies2024sentinel,
  title={A sentinel watching over inter-tidal seagrass phenology across Western Europe and North Africa},
  author={Davies, Bede Ffinian Rowe and Oiry, Simon and Rosa, Philippe and Zoffoli, Maria Laura and Sousa, Ana I and Thomas, Oliver R and Smale, Dan A and Austen, Melanie C and Biermann, Lauren and Attrill, Martin J and others},
  journal={Communications Earth \& Environment},
  volume={5},
  number={1},
  pages={382},
  year={2024},
  publisher={Nature Publishing Group UK London}
}

@article{davies2024intertidal,
  title={Intertidal seagrass extent from Sentinel-2 time-series show distinct trajectories in Western Europe},
  author={Davies, Bede Ffinian Rowe and Oiry, Simon and Rosa, Philippe and Zoffoli, Maria Laura and Sousa, Ana I and Thomas, Oliver R and Smale, Dan A and Austen, Melanie C and Biermann, Lauren and Attrill, Martin J and others},
  journal={Remote Sensing of Environment},
  volume={312},
  pages={114340},
  year={2024},
  publisher={Elsevier}
}

@article{he2019climate,
  title={Climate change, human impacts, and coastal ecosystems in the Anthropocene},
  author={He, Qiang and Silliman, Brian R},
  journal={Current Biology},
  volume={29},
  number={19},
  pages={R1021--R1035},
  year={2019},
  publisher={Elsevier}
}

@article{hall2019ocean,
  title={Ocean acidification impacts on coastal ecosystem services due to habitat degradation},
  author={Hall-Spencer, Jason M and Harvey, Ben P},
  journal={Emerging Topics in Life Sciences},
  volume={3},
  number={2},
  pages={197--206},
  year={2019},
  publisher={Portland Press Ltd.}
}

@article{lu2018major,
  title={Major threats of pollution and climate change to global coastal ecosystems and enhanced management for sustainability},
  author={Lu, Yonglong and Yuan, Jingjing and Lu, Xiaotian and Su, Chao and Zhang, Yueqing and Wang, Chenchen and Cao, Xianghui and Li, Qifeng and Su, Jilan and Ittekkot, Venugopalan and others},
  journal={Environmental Pollution},
  volume={239},
  pages={670--680},
  year={2018},
  publisher={Elsevier}
}

@article{small2003global,
  title={A global analysis of human settlement in coastal zones},
  author={Small, Christopher and Nicholls, Robert J},
  journal={Journal of coastal research},
  pages={584--599},
  year={2003},
  publisher={JSTOR}
}

@article{mukherjee2023coastal,
  title={Coastal Pollution—An Overview},
  author={Mukherjee, Swapna and Ghosh, Kaushik Kiran and Chanda, Abhra},
  journal={Environmental Oceanography and Coastal Dynamics: Current Scenario and Future Trends},
  pages={99--107},
  year={2023},
  publisher={Springer}
}

@article{de2023valuing,
  title={Valuing ecosystem services in complex coastal settings: An extended ecosystem accounting framework for improved decision-making},
  author={De Valck, Jeremy and Jarvis, Diane and Coggan, Anthea and Schirru, Ella and Pert, Petina and Graham, Victoria and Newlands, Maxine},
  journal={Marine Policy},
  volume={155},
  pages={105761},
  year={2023},
  publisher={Elsevier}
}

@article{seitz2014ecological,
  title={Ecological value of coastal habitats for commercially and ecologically important species},
  author={Seitz, Rochelle D and Wennhage, H{\aa}kan and Bergstr{\"o}m, Ulf and Lipcius, Romuald N and Ysebaert, Tom},
  journal={ICES Journal of Marine Science},
  volume={71},
  number={3},
  pages={648--665},
  year={2014},
  publisher={Oxford University Press}
}

@article{mehvar2018quantifying,
  title={Quantifying economic value of coastal ecosystem services: a review},
  author={Mehvar, Seyedabdolhossein and Filatova, Tatiana and Dastgheib, Ali and De Ruyter van Steveninck, Erik and Ranasinghe, Roshanka},
  journal={Journal of marine science and engineering},
  volume={6},
  number={1},
  pages={5},
  year={2018},
  publisher={MDPI}
}

@article{liquete2013current,
  title={Current status and future prospects for the assessment of marine and coastal ecosystem services: a systematic review},
  author={Liquete, Camino and Piroddi, Chiara and Drakou, Evangelia G and Gurney, Leigh and Katsanevakis, Stelios and Charef, Aymen and Egoh, Benis},
  journal={PloS one},
  volume={8},
  number={7},
  pages={e67737},
  year={2013},
  publisher={Public Library of Science San Francisco, USA}
}

@article{watanabe2018introduction,
  title={Introduction: the coastal ecosystem complex as a unit of structure and function of biological productivity in coastal areas},
  author={Watanabe, Yoshiro and Kawamura, Tomohiko and Yamashita, Yoh},
  journal={Fisheries science},
  volume={84},
  pages={149--152},
  year={2018},
  publisher={Springer}
}

@article{barbier2011value,
  title={The value of estuarine and coastal ecosystem services},
  author={Barbier, Edward B and Hacker, Sally D and Kennedy, Chris and Koch, Evamaria W and Stier, Adrian C and Silliman, Brian R},
  journal={Ecological monographs},
  volume={81},
  number={2},
  pages={169--193},
  year={2011},
  publisher={Wiley Online Library}
}

@article{unsworth2022planetary,
  title={The planetary role of seagrass conservation},
  author={Unsworth, Richard KF and Cullen-Unsworth, Leanne C and Jones, Benjamin LH and Lilley, Richard J},
  journal={Science},
  volume={377},
  number={6606},
  pages={609--613},
  year={2022},
  publisher={American Association for the Advancement of Science}
}

@article{abreu2011nitrogen,
  title={Nitrogen uptake responses of Gracilaria vermiculophylla (Ohmi) Papenfuss under combined and single addition of nitrate and ammonium},
  author={Abreu, Maria H and Pereira, R and Buschmann, AH and Sousa-Pinto, I and Yarish, C},
  journal={Journal of Experimental Marine Biology and Ecology},
  volume={407},
  number={2},
  pages={190--199},
  year={2011},
  publisher={Elsevier}
}

@article{nyberg2009flora,
  title={Flora and fauna associated with the introduced red alga Gracilaria vermiculophylla},
  author={Nyberg, Cecilia D and Thomsen, Mads S and Wallentinus, Inger},
  journal={European Journal of Phycology},
  volume={44},
  number={3},
  pages={395--403},
  year={2009},
  publisher={Taylor \& Francis}
}

@article{sotka2018combining,
  title={Combining niche shift and population genetic analyses predicts rapid phenotypic evolution during invasion},
  author={Sotka, Erik E and Baumgardner, Aaron W and Bippus, Paige M and Destombe, Christophe and Duermit, Elizabeth A and Endo, Hikaru and Flanagan, Ben A and Kamiya, Mits and Lees, Lauren E and Murren, Courtney J and others},
  journal={Evolutionary Applications},
  volume={11},
  number={5},
  pages={781--793},
  year={2018},
  publisher={Wiley Online Library}
}

@article{weinberger2008invasive,
  title={The invasive red alga Gracilaria vermiculophylla in the Baltic Sea: adaptation to brackish water may compensate for light limitation},
  author={Weinberger, Florian and Buchholz, Bj{\"o}rn and Karez, Rolf and Wahl, Martin},
  journal={Aquatic Biology},
  volume={3},
  number={3},
  pages={251--264},
  year={2008}
}

@article{krueger2017genetic,
  title={Genetic identification of source and likely vector of a widespread marine invader},
  author={Krueger-Hadfield, Stacy A and Kollars, Nicole M and Strand, Allan E and Byers, James E and Shainker, Sarah J and Terada, Ryuta and Greig, Thomas W and Hammann, Mareike and Murray, David C and Weinberger, Florian and others},
  journal={Ecology and evolution},
  volume={7},
  number={12},
  pages={4432--4447},
  year={2017},
  publisher={Wiley Online Library}
}

@article{krueger2018everywhere,
  title={Everywhere you look, everywhere you go, there’s an estuary invaded by the red seaweed Gracilaria vermiculophylla (Ohmi) Papenfuss, 1967},
  author={Krueger-Hadfield, Stacy},
  journal={BioInvasions Records},
  volume={7},
  number={4},
  year={2018}
}

@article{liu2020ocean,
  title={Ocean warming alters the responses to eutrophication in a commercially farmed seaweed, Gracilariopsis lemaneiformis},
  author={Liu, Chunxiang and Zou, Dinghui and Liu, Zhiwei and Ye, Changpeng},
  journal={Hydrobiologia},
  volume={847},
  pages={879--893},
  year={2020},
  publisher={Springer}
}

@article{thomsen2013effects,
  title={Effects of the invasive macroalgae Gracilaria vermiculophylla on two co-occurring foundation species and associated invertebrates},
  author={Thomsen, Mads S and St{\ae}hr, Peter A and Nejrup, Lars and Schiel, David R},
  journal={Aquatic Invasions},
  volume={8},
  number={2},
  pages={133--145},
  year={2013},
  publisher={Regional Euro-Asian Biological Invasions Centre}
}

@inproceedings{van2003reintroduction,
  title={Reintroduction of eelgrass (Zostera marina L.) in the Dutch Wadden Sea: a research overview and management vision},
  author={Van Katwijk, MM},
  booktitle={Challenges to the Wadden Sea Area. In: Proceedings of the 10th International Scientific Wadden Sea Symposium, Groningen, The Netherlands},
  pages={173--195},
  year={2003}
}

@article{capdevila2019warming,
  title={Warming impacts on early life stages increase the vulnerability and delay the population recovery of a long-lived habitat-forming macroalga},
  author={Capdevila, Pol and Hereu, Bernat and Salguero-G{\'o}mez, Roberto and Rovira, Graciel{\textperiodcentered} la and Medrano, Alba and Cebrian, Emma and Garrabou, Joaquim and Kersting, Diego K and Linares, Cristina},
  journal={Journal of Ecology},
  volume={107},
  number={3},
  pages={1129--1140},
  year={2019},
  publisher={Wiley Online Library}
}

@article{ramus2017invasive,
  title={An invasive foundation species enhances multifunctionality in a coastal ecosystem},
  author={Ramus, Aaron P and Silliman, Brian R and Thomsen, Mads S and Long, Zachary T},
  journal={Proceedings of the national academy of sciences},
  volume={114},
  number={32},
  pages={8580--8585},
  year={2017},
  publisher={National Acad Sciences}
}

@article{van2018global,
  title={The Global Dispersal of the Non-Endemic Invasive Red Alga Gracilaria vermiculophylla in the Ecosystems of the Euro-Asia Coastal Waters Including the Wadden Sea Unesco World Heritage Coastal Area: Awful or Awesome?},
  author={van Ginneken, Vincent and de Vries, Evert and others},
  journal={Oceanography \& Fisheries Open Access Journal},
  volume={8},
  number={1},
  pages={4--26},
  year={2018},
  publisher={Juniper Publishers Inc.}
}
